<?xml version="1.0" encoding="UTF-8"?><collection><record><leader>03188ntm a2200421 a 4500</leader><controlfield tag="001">002576826</controlfield><controlfield tag="003">MiAaHDL</controlfield><controlfield tag="005">20190719000000.0</controlfield><controlfield tag="006">m        d        </controlfield><controlfield tag="007">cr bn ---auaua</controlfield><controlfield tag="008">921116s1713    xx            00||  ara d</controlfield><datafield tag="035" ind1=" " ind2=" "><subfield code="a">(MiU)002576826</subfield></datafield><datafield tag="035" ind1=" " ind2=" "><subfield code="a">sdr-miu002576826</subfield></datafield><datafield tag="035" ind1=" " ind2=" "><subfield code="a">(OCoLC)34365232</subfield></datafield><datafield tag="035" ind1=" " ind2=" "><subfield code="a">(RLIN)MIUH92-A18</subfield></datafield><datafield tag="040" ind1=" " ind2=" "><subfield code="a">MiU</subfield><subfield code="c">MiU</subfield><subfield code="e">appm</subfield><subfield code="d">MiU</subfield></datafield><datafield tag="100" ind1="1" ind2=" "><subfield code="6">880-01</subfield><subfield code="a">Ādanī, ʻAbd al-Qādir ibn ʻUthmān,</subfield><subfield code="d">18th cent.?</subfield></datafield><datafield tag="245" ind1="1" ind2="0"><subfield code="6">880-02</subfield><subfield code="a">Ghunyat al-ṭullāb fī maʻrifat rusūm ālat al-asṭurlāb :</subfield><subfield code="k">manuscript,</subfield><subfield code="f">[1713].</subfield></datafield><datafield tag="300" ind1=" " ind2=" "><subfield code="a">1</subfield><subfield code="f">v. ([59] p.) :</subfield><subfield code="b">ill. ;</subfield><subfield code="c">21 cm.</subfield></datafield><datafield tag="500" ind1=" " ind2=" "><subfield code="a">Contains diagrams.</subfield></datafield><datafield tag="500" ind1=" " ind2=" "><subfield code="a">Text rubricated in red and gold; triple borders throughout in red, black, and gold; 1 loose sheet bound in; marginal corrections and commentary in hand of copyist (said inside cover to be author himself); finding aids and other notes in another(?) hand; couplets in Persian on endpapers and first flyfleaf.</subfield></datafield><datafield tag="500" ind1=" " ind2=" "><subfield code="a">Date and provenance in colophon: qad tamma wa-kamala taʾlīf hādhihi al-nuskhah al-sharīfah fī Qusṭanṭīnīyah fī dār al-ḥadīth li-Ḥusayn Pāshā ... yawm al-aḥad al-thāmin wa-al-ʻishrīn min shahr Rabīʻ al-ākhir min shuhūr sanat sitt wa-ʻishrīn wa-miʾah wa-alf min al-hijrah al-nabawīyah wa-qad badaʾa ...[?]... al-musammá bi-al-turkīyah Qazalṭāgh[?] fī shahr Rajab al-mubārak min shuhūr sanat khams wa-ʻishrīn wa-miʾah wa-alf [July-August 1713].</subfield></datafield><datafield tag="510" ind1="4" ind2=" "><subfield code="a">King, Survey,</subfield><subfield code="c">pp. 165 and 174</subfield></datafield><datafield tag="520" ind1=" " ind2=" "><subfield code="a">Commentary on Bahjat al-albāb fī ʻilm al-asṭurlāb, "a treatise on the use of the astrolabe in 18 bābs" by ʻAbd al-Ḥalīm al-Qayṣarī Suwaylim Zādah. David A. King, A Survey of the Scientific Manuscripts in the Egyptian National Library (Winona Lake, 1986), pp. 165 and 174. On p. [59] is a discussion in a different hand of the origin of the word "astrolabe."</subfield></datafield><datafield tag="530" ind1=" " ind2=" "><subfield code="a">Microfilm available in repository.</subfield></datafield><datafield tag="538" ind1=" " ind2=" "><subfield code="a">Mode of access: Internet.</subfield></datafield><datafield tag="541" ind1=" " ind2=" "><subfield code="d">07/--/36</subfield><subfield code="3">Manuscript</subfield><subfield code="a">McGregor Fund</subfield><subfield code="c">Purchase, 1933/34</subfield><subfield code="h">30 p.t.</subfield></datafield><datafield tag="545" ind1=" " ind2=" "><subfield code="a">Iraqī (?) astronomer.</subfield></datafield><datafield tag="561" ind1=" " ind2=" "><subfield code="a">Purchased in Cairo, 1933/34. Owners' marks: inside cover, owner's autograph: fī milk al-faqīr Maḥmūd ibn Ḥasan; inside cover, manuscript notes in handwriting of Max Meyerhof.</subfield></datafield><datafield tag="600" ind1="1" ind2="4"><subfield code="6">880-03</subfield><subfield code="a">Suwaylam Zādah, ʻAbd al-Ḥalīm al-Qayṣarī.</subfield><subfield code="t">Bahjat al-albāb fī ʻilm al-asṭurlāb.</subfield></datafield><datafield tag="650" ind1=" " ind2="0"><subfield code="a">Astrolabes</subfield><subfield code="y">Early works to 1800.</subfield></datafield><datafield tag="650" ind1=" " ind2="0"><subfield code="a">Astronomical instruments</subfield><subfield code="y">Early works to 1800.</subfield></datafield><datafield tag="650" ind1=" " ind2="0"><subfield code="a">Astronomy, Arab</subfield><subfield code="y">Early works to 1800.</subfield></datafield><datafield tag="650" ind1=" " ind2="0"><subfield code="a">Manuscripts, Arabic</subfield><subfield code="z">Michigan</subfield><subfield code="z">Ann Arbor.</subfield></datafield><datafield tag="700" ind1="1" ind2=" "><subfield code="a">Meyerhof, Max,</subfield><subfield code="d">1874-1945,</subfield><subfield code="e">former owner.</subfield></datafield><datafield tag="773" ind1="0" ind2=" "><subfield code="7">unbc</subfield><subfield code="a">Tracy W. McGregor Collection of Arabic, Persian, and Turkish Mathematical and Astronomical Manuscripts.</subfield><subfield code="w">(CStRLIN)MIUH92-A20.</subfield></datafield><datafield tag="880" ind1="0" ind2="4"><subfield code="6">600-03/</subfield><subfield code="a">عبد الحليم القيصري سويلم زاده.</subfield><subfield code="t">بهجة الألباب في علم الأسطرلاب.</subfield></datafield><datafield tag="880" ind1="1" ind2="0"><subfield code="6">245-02/</subfield><subfield code="a">غنية الطلاب في معرفة رسوم آلة الاسطرلاب :</subfield><subfield code="k">manuscript،</subfield><subfield code="f">[1713].</subfield></datafield><datafield tag="880" ind1="0" ind2=" "><subfield code="6">100-01/</subfield><subfield code="a">عبد القادر بن عثمان الآدني.</subfield></datafield><datafield tag="CID" ind1=" " ind2=" "><subfield code="a">002576826</subfield></datafield><datafield tag="DAT" ind1="0" ind2=" "><subfield code="a">20190719102632.0</subfield><subfield code="b">20190719000000.0</subfield></datafield><datafield tag="DAT" ind1="1" ind2=" "><subfield code="a">20190719090653.0</subfield><subfield code="b">2019-07-19T16:10:36Z</subfield></datafield><datafield tag="DAT" ind1="2" ind2=" "><subfield code="a">2015-10-02T18:00:03Z</subfield></datafield><datafield tag="CAT" ind1=" " ind2=" "><subfield code="a">SDR-MIU</subfield><subfield code="d">EX LIBRIS - ALEPH</subfield><subfield code="l">prepare.pl-004-008</subfield></datafield><datafield tag="FMT" ind1=" " ind2=" "><subfield code="a">BK</subfield></datafield><datafield tag="HOL" ind1=" " ind2=" "><subfield code="0">sdr-miu002576826</subfield><subfield code="a">MiU</subfield><subfield code="b">SDR</subfield><subfield code="c">MIU</subfield><subfield code="p">mdp.39015081446679</subfield><subfield code="s">MIU</subfield><subfield code="1">002576826</subfield></datafield><datafield tag="974" ind1=" " ind2=" "><subfield code="b">MIU</subfield><subfield code="c">MIU</subfield><subfield code="d">20190719</subfield><subfield code="s">lit-dlps-dc</subfield><subfield code="u">mdp.39015081446679</subfield><subfield code="y">1713</subfield><subfield code="r">pd</subfield><subfield code="q">bib</subfield><subfield code="t">non-US bib date1 &lt; 1896</subfield></datafield></record></collection>